@article{education,
  author = {Yoori Hwang and Se-Hoon Jeong},
  title = {Education-Based Gap in Misinformation Acceptance: Does the Gap Increase as Misinformation Exposure Increases?},
  journal = {Communication Research},
  volume = {50},
  number = {2},
  pages = {157-178},
  year = {2023},
  doi = {10.1177/00936502221121509},
  URL = {https://doi.org/10.1177/00936502221121509},
  eprint = {https://doi.org/10.1177/00936502221121509}
}

@article{emotion,
  author = {Prerika R. Sharma, Kimberley A. Wade and Laura Jobson},
  title = {A systematic review of the relationship between emotion and susceptibility to misinformation},
  journal = {Memory},
  volume = {31},
  number = {1},
  pages = {1--21},
  year = {2023},
  publisher = {Routledge},
  doi = {10.1080/09658211.2022.2120623},
  note = {PMID: 36093958},
  URL = {https://doi.org/10.1080/09658211.2022.2120623},
  eprint = {https://doi.org/10.1080/09658211.2022.2120623}
}

@INPROCEEDINGS{simulation,
  author={Sulis, Emilio and Tambuscio, Marcella},
  booktitle={2020 IEEE 7th International Conference on Data Science and Advanced Analytics (DSAA)}, 
  title={Simulation of misinformation spreading processes in social networks: an application with NetLogo}, 
  year={2020},
  volume={},
  number={},
  pages={614-618},
  keywords={Analytical models;Tools;Diffusion processes;Social networking (online);Mathematical model;Data models;Visualization;Information Diffusion;Fake News Spreading;Fact-Checking;Agent-based modeling;NetLogo},
  doi={10.1109/DSAA49011.2020.00086},
  url = {https://ieeexplore.ieee.org/document/9260064}
}

@article{community_notes,
author = {Chuai, Yuwei and Tian, Haoye and Pr\"{o}llochs, Nicolas and Lenzini, Gabriele},
title = {Did the Roll-Out of Community Notes Reduce Engagement With Misinformation on X/Twitter?},
year = {2024},
issue_date = {November 2024},
publisher = {Association for Computing Machinery},
address = {New York, NY, USA},
volume = {8},
number = {CSCW2},
url = {https://doi.org/10.1145/3686967},
doi = {10.1145/3686967},
journal = {Proc. ACM Hum.-Comput. Interact.},
month = nov,
articleno = {428},
numpages = {52},
keywords = {community notes, content moderation, fact-checking, misinformation, social media, social networks}
}

@article{definition,
title = {Spread of misinformation on social media: What contributes to it and how to combat it},
journal = {Computers in Human Behavior},
volume = {141},
pages = {107643},
year = {2023},
issn = {0747-5632},
doi = {https://doi.org/10.1016/j.chb.2022.107643},
url = {https://www.sciencedirect.com/science/article/pii/S0747563222004630},
author = {Sijing Chen and Lu Xiao and Akit Kumar},
keywords = {Misinformation, Disinformation, Fake news, Social media, Social networks}
}

@Article{covid,
author="Himelein-Wachowiak, McKenzie
and Giorgi, Salvatore
and Devoto, Amanda
and Rahman, Muhammad
and Ungar, Lyle
and Schwartz, H Andrew
and Epstein, David H
and Leggio, Lorenzo
and Curtis, Brenda",
title="Bots and Misinformation Spread on Social Media: Implications for COVID-19",
journal="J Med Internet Res",
year="2021",
month=May,
day="20",
volume="23",
number="5",
pages="e26933",
keywords="COVID-19; coronavirus; social media; bots; infodemiology; infoveillance; social listening; infodemic; spambots; misinformation; disinformation; fake news; online communities; Twitter; public health",
issn="1438-8871",
doi="10.2196/26933",
url="https://www.jmir.org/2021/5/e26933",
url="https://doi.org/10.2196/26933",
url="http://www.ncbi.nlm.nih.gov/pubmed/33882014"
}

@article{ai_detection,
author = {Lu, Zhuoran and Li, Patrick and Wang, Weilong and Yin, Ming},
title = {The Effects of AI-based Credibility Indicators on the Detection and Spread of Misinformation under Social Influence},
year = {2022},
issue_date = {November 2022},
publisher = {Association for Computing Machinery},
address = {New York, NY, USA},
volume = {6},
number = {CSCW2},
url = {https://doi.org/10.1145/3555562},
doi = {10.1145/3555562},
journal = {Proc. ACM Hum.-Comput. Interact.},
month = nov,
articleno = {461},
numpages = {27},
keywords = {artificial intelligence, fake news, human-ai interaction, misinformation, social influence}
}

@article{ai_increasing_misinformation,
title={Artificial intelligence and increasing misinformation},
volume={224},
DOI={10.1192/bjp.2023.136},
number={2},
journal={The British Journal of Psychiatry},
author={Monteith, Scott and Glenn, Tasha and Geddes, John R. and Whybrow, Peter C. and Achtyes, Eric and Bauer, Michael},
year={2024},
pages={33â€“35}
}

@inproceedings{ai_increasing_misinformation_2,
author = {Zhou, Jiawei and Zhang, Yixuan and Luo, Qianni and Parker, Andrea G and De Choudhury, Munmun},
title = {Synthetic Lies: Understanding AI-Generated Misinformation and Evaluating Algorithmic and Human Solutions},
year = {2023},
isbn = {9781450394215},
publisher = {Association for Computing Machinery},
address = {New York, NY, USA},
url = {https://doi.org/10.1145/3544548.3581318},
doi = {10.1145/3544548.3581318},
booktitle = {Proceedings of the 2023 CHI Conference on Human Factors in Computing Systems},
articleno = {436},
numpages = {20},
keywords = {AI-generated misinformation, COVID-19, GPT, generative AI, large language model, misinformation, responsible AI},
location = {Hamburg, Germany},
series = {CHI '23}
}

@article{reduce_misinformation,
  author = {Joseph B. Bak-Coleman and Ian Kennedy and Morgan Wack and Andrew Beers and Joseph S. Schafer and Emma S. Spiro and Kate Starbird and Jevin D. West},
  title = {Combining interventions to reduce the spread of viral misinformation},
  journal = {Nature Human Behaviour},
  year = {2022},
  volume = {6},
  number = {10},
  pages = {1372--1380},
  month = oct,
  issn = {2397-3374},
  doi = {10.1038/s41562-022-01388-6},
  url = {https://doi.org/10.1038/s41562-022-01388-6}
}
